@article{shamil_2021_an,
  author = {Shamil, Md. Salman and Farheen, Farhanaz and Ibtehaz, Nabil and Khan, Irtesam Mahmud and Rahman, M. Sohel},
  month = {02},
  title = {An Agent-Based Modeling of COVID-19: Validation, Analysis, and Recommendations},
  doi = {10.1007/s12559-020-09801-w},
  urldate = {2021-06-28},
  year = {2021},
  journal = {Cognitive Computation}
}

@article{rajabi_2021_investigating,
  author = {Rajabi, Amirarsalan and Mantzaris, Alexander V. and Mutlu, Ece C. and Garibay, Ozlem O.},
  month = {06},
  pages = {5367},
  title = {Investigating Dynamics of COVID-19 Spread and Containment with Agent-Based Modeling},
  doi = {10.3390/app11125367},
  urldate = {2021-06-28},
  volume = {11},
  year = {2021},
  journal = {Applied Sciences}
}

@article{bo_2021_effectiveness,
  author = {Bo, Yacong and Guo, Cui and Lin, Changqing and Zeng, Yiqian and Li, Hao Bi and Zhang, Yumiao and Hossain, Md Shakhaoat and Chan, Jimmy W.M. and Yeung, David W. and Kwok, Kin On and Wong, Samuel Y.S. and Lau, Alexis K.H. and Lao, Xiang Qian},
  month = {01},
  pages = {247-253},
  title = {Effectiveness of non-pharmaceutical interventions on COVID-19 transmission in 190 countries from 23 January to 13 April 2020},
  doi = {10.1016/j.ijid.2020.10.066},
  urldate = {2020-12-26},
  volume = {102},
  year = {2021},
  journal = {International Journal of Infectious Diseases}
}

@misc{cdc_2020_covid19,
  author = {CDC},
  month = {02},
  title = {COVID-19 and Your Health},
  url = {https://www.cdc.gov/coronavirus/2019-ncov/vaccines/fully-vaccinated.html},
  year = {2020},
  organization = {Centers for Disease Control and Prevention}
}